00571cas a22002291a 4500
001 9917737753502836
003 Nz
005 20161223172953.0
008 040106d18981900nz  r ne      0   0 eng d
035    $a (Nz)8164691
035    $a (OCoLC)947774556
035    $a (NLNZils)1773775
035    $a (NLNZils)1773775-ilsdb
040    $a WN $c WN
042    $a nznb
043    $a u-nz---
245 00 $a Mangaweka mail.
260    $a Mangaweka [N.Z.]
310    $a Semiweekly?
362 0  $a 1898?-1900?
651  0 $a Mangaweka (N.Z.) $v Newspapers.
655  7 $a New Zealand newspapers. $2 local $5 Nz
